{"id":"gen9vgc2024regg-2194787570","format":"[Gen 9] VGC 2024 Reg G","players":["Omega_Jirachi","Feyette"],"log":"|j|\u2606Omega_Jirachi\n|j|\u2606Feyette\n|html|<table width=\"100%\"><tr><td align=\"left\">Omega_Jirachi<\/td><td align=\"right\">Feyette<\/tr><tr><td align=\"left\"><i class=\"fa fa-circle\"><\/i> <i class=\"fa fa-circle-o\"><\/i> <\/td><td align=\"right\"><i class=\"fa fa-circle-o\"><\/i> <i class=\"fa fa-circle-o\"><\/i> <\/tr><\/table>\n|uhtml|bestof|<h2><strong>Game 2<\/strong> of <a href=\"\/game-bestof3-gen9vgc2024regg-2194784793\">a best-of-3<\/a><\/h2>\n|t:|1725498861\n|gametype|doubles\n|player|p1|Omega_Jirachi|hero2-conquest|\n|player|p2|Feyette|#feyette|\n|teamsize|p1|6\n|teamsize|p2|6\n|gen|9\n|tier|[Gen 9] VGC 2024 Reg G\n|rule|Tera Type Preview: Tera Types are shown at Team Preview\n|rule|Species Clause: Limit one of each Pok\u00e9mon\n|rule|Item Clause: Limit 1 of each item\n|clearpoke\n|poke|p1|Chien-Pao, L50|\n|poke|p1|Arcanine-Hisui, L50, F|\n|poke|p1|Ambipom, L50, F|\n|poke|p1|Altaria, L50, F|\n|poke|p1|Palafin, L50, M|\n|poke|p1|Gothorita, L50, M|\n|poke|p2|Chi-Yu, L50|\n|poke|p2|Whimsicott, L50, F|\n|poke|p2|Great Tusk, L50|\n|poke|p2|Vaporeon, L50, M|\n|poke|p2|Thwackey, L50, M|\n|poke|p2|Tinkaton, L50, F|\n|teampreview|4\n|raw|Omega_Jirachi's Tera Types:<br \/><psicon pokemon=\"chienpao\" \/><psicon type=\"Ghost\" \/> \/ <psicon pokemon=\"arcaninehisui\" \/><psicon type=\"Water\" \/> \/ <psicon pokemon=\"ambipom\" \/><psicon type=\"Normal\" \/> \/ <psicon pokemon=\"altaria\" \/><psicon type=\"Fire\" \/> \/ <psicon pokemon=\"palafin\" \/><psicon type=\"Dragon\" \/> \/ <psicon pokemon=\"gothorita\" \/><psicon type=\"Fairy\" \/>\n|raw|Feyette's Tera Types:<br \/><psicon pokemon=\"chiyu\" \/><psicon type=\"Fighting\" \/> \/ <psicon pokemon=\"whimsicott\" \/><psicon type=\"Ghost\" \/> \/ <psicon pokemon=\"greattusk\" \/><psicon type=\"Electric\" \/> \/ <psicon pokemon=\"vaporeon\" \/><psicon type=\"Electric\" \/> \/ <psicon pokemon=\"thwackey\" \/><psicon type=\"Grass\" \/> \/ <psicon pokemon=\"tinkaton\" \/><psicon type=\"Water\" \/>\n|j| Lkynmbr24\n|j| seaksos\nOmega_Jirachi rejected open team sheets.\n|j| furretusedpunch\n|c|\u2606Omega_Jirachi|glhf!\n|c|\u2606Feyette|u2\n|\n|t:|1725498905\n|start\n|switch|p1a: THE CLAPPER|Ambipom, L50, F, shiny|100\/100\n|switch|p1b: Cheem-Pao|Chien-Pao, L50|100\/100\n|switch|p2a: Vaporeon|Vaporeon, L50, M|100\/100\n|switch|p2b: Tinkaton|Tinkaton, L50, F|100\/100\n|-ability|p1b: Cheem-Pao|Sword of Ruin\n|turn|1\n|j| Forrest02\n|\n|t:|1725498966\n|switch|p1a: The Hero We Need|Palafin, L50, M|100\/100\n|move|p1b: Cheem-Pao|Sacred Sword|p2b: Tinkaton\n|-damage|p2b: Tinkaton|48\/100\n|-damage|p1b: Cheem-Pao|84\/100|[from] item: Rocky Helmet|[of] p2b: Tinkaton\n|move|p2b: Tinkaton|Gigaton Hammer|p1a: The Hero We Need\n|-resisted|p1a: The Hero We Need\n|-damage|p1a: The Hero We Need|53\/100\n|move|p2a: Vaporeon|Acid Armor|p2a: Vaporeon\n|-boost|p2a: Vaporeon|def|2\n|\n|upkeep\n|turn|2\n|\n|t:|1725499046\n|switch|p1b: THE CLAPPER|Ambipom, L50, F, shiny|100\/100\n|move|p1a: The Hero We Need|Wave Crash|p2b: Tinkaton\n|-damage|p2b: Tinkaton|0 fnt\n|-damage|p1a: The Hero We Need|37\/100|[from] item: Rocky Helmet|[of] p2b: Tinkaton\n|faint|p2b: Tinkaton\n|-damage|p1a: The Hero We Need|22\/100|[from] Recoil\n|move|p2a: Vaporeon|Muddy Water|p1a: The Hero We Need|[spread] p1b\n|-miss|p2a: Vaporeon|p1a: The Hero We Need\n|-damage|p1b: THE CLAPPER|60\/100\n|\n|upkeep\n|\n|t:|1725499073\n|switch|p2b: Whimsicott|Whimsicott, L50, F|100\/100\n|turn|3\n|\n|t:|1725499089\n|detailschange|p1a: The Hero We Need|Palafin-Hero, L50, M\n|switch|p1a: Mia|Arcanine-Hisui, L50, F|100\/100\n|-ability|p1a: Mia|Intimidate|boost\n|-unboost|p2a: Vaporeon|atk|1\n|-unboost|p2b: Whimsicott|atk|1\n|move|p2b: Whimsicott|Tailwind|p2b: Whimsicott\n|-sidestart|p2: Feyette|move: Tailwind\n|move|p2a: Vaporeon|Calm Mind|p2a: Vaporeon\n|-boost|p2a: Vaporeon|spa|1\n|-boost|p2a: Vaporeon|spd|1\n|move|p1b: THE CLAPPER|Knock Off|p2b: Whimsicott\n|-resisted|p2b: Whimsicott\n|-damage|p2b: Whimsicott|78\/100\n|-enditem|p2b: Whimsicott|Focus Sash|[from] move: Knock Off|[of] p1b: THE CLAPPER\n|\n|upkeep\n|turn|4\n|\n|t:|1725499117\n|-terastallize|p1a: Mia|Water\n|move|p1a: Mia|Extreme Speed|p2b: Whimsicott\n|-damage|p2b: Whimsicott|35\/100\n|move|p2b: Whimsicott|Moonblast|p1a: Mia\n|-damage|p1a: Mia|77\/100\n|move|p2a: Vaporeon|Muddy Water|p1a: Mia|[spread] p1b\n|-miss|p2a: Vaporeon|p1a: Mia\n|-damage|p1b: THE CLAPPER|0 fnt\n|faint|p1b: THE CLAPPER\n|\n|upkeep\n|\n|t:|1725499130\n|switch|p1b: Cheem-Pao|Chien-Pao, L50|84\/100\n|-ability|p1b: Cheem-Pao|Sword of Ruin\n|turn|5\n|\n|t:|1725499144\n|move|p2b: Whimsicott|Protect|p2b: Whimsicott\n|-singleturn|p2b: Whimsicott|Protect\n|move|p1a: Mia|Extreme Speed|p2b: Whimsicott\n|-activate|p2b: Whimsicott|move: Protect\n|move|p1b: Cheem-Pao|Icicle Crash|p2a: Vaporeon\n|-resisted|p2a: Vaporeon\n|-damage|p2a: Vaporeon|88\/100\n|cant|p2a: Vaporeon|flinch\n|\n|-heal|p2a: Vaporeon|95\/100|[from] item: Leftovers\n|upkeep\n|turn|6\n|l| seaksos\n|\n|t:|1725499157\n|-terastallize|p2b: Whimsicott|Ghost\n|move|p1a: Mia|Extreme Speed|p2b: Whimsicott\n|-immune|p2b: Whimsicott\n|move|p2b: Whimsicott|Moonblast|p1a: Mia\n|-damage|p1a: Mia|50\/100\n|move|p1b: Cheem-Pao|Icicle Crash|p2a: Vaporeon\n|-resisted|p2a: Vaporeon\n|-damage|p2a: Vaporeon|82\/100\n|move|p2a: Vaporeon|Muddy Water|p1a: Mia|[spread] p1a\n|-miss|p2a: Vaporeon|p1b: Cheem-Pao\n|-resisted|p1a: Mia\n|-damage|p1a: Mia|36\/100\n|\n|-heal|p2a: Vaporeon|88\/100|[from] item: Leftovers\n|-sideend|p2: Feyette|move: Tailwind\n|upkeep\n|turn|7\n|\n|t:|1725499175\n|move|p2b: Whimsicott|Tailwind|p2b: Whimsicott\n|-sidestart|p2: Feyette|move: Tailwind\n|move|p1b: Cheem-Pao|Icicle Crash|p2b: Whimsicott\n|-damage|p2b: Whimsicott|0 fnt\n|faint|p2b: Whimsicott\n|move|p2a: Vaporeon|Muddy Water|p1b: Cheem-Pao|[spread] p1a,p1b\n|-resisted|p1a: Mia\n|-damage|p1a: Mia|21\/100\n|-damage|p1b: Cheem-Pao|19\/100\n|-unboost|p1a: Mia|accuracy|1\n|move|p1a: Mia|Rock Slide|p2a: Vaporeon|[miss]\n|-miss|p1a: Mia|p2a: Vaporeon\n|\n|-heal|p2a: Vaporeon|95\/100|[from] item: Leftovers\n|upkeep\n|\n|t:|1725499182\n|switch|p2b: Chi-Yu|Chi-Yu, L50|100\/100\n|-ability|p2b: Chi-Yu|Beads of Ruin\n|turn|8\n|\n|t:|1725499195\n|move|p1a: Mia|Extreme Speed|p2b: Chi-Yu|[miss]\n|-miss|p1a: Mia|p2b: Chi-Yu\n|move|p2b: Chi-Yu|Dark Pulse|p1a: Mia\n|-damage|p1a: Mia|0 fnt\n|faint|p1a: Mia\n|move|p1b: Cheem-Pao|Sacred Sword|p2b: Chi-Yu\n|-supereffective|p2b: Chi-Yu\n|-damage|p2b: Chi-Yu|17\/100\n|move|p2a: Vaporeon|Muddy Water|p1b: Cheem-Pao\n|-damage|p1b: Cheem-Pao|0 fnt\n|faint|p1b: Cheem-Pao\n|\n|-heal|p2a: Vaporeon|100\/100|[from] item: Leftovers\n|upkeep\n|\n|t:|1725499206\n|switch|p1b: The Hero We Need|Palafin-Hero, L50, M|22\/100\n|-activate|p1b: The Hero We Need|ability: Zero to Hero\n|turn|9\n|\n|t:|1725499210\n|move|p1b: The Hero We Need|Jet Punch|p2b: Chi-Yu\n|-supereffective|p2b: Chi-Yu\n|-damage|p2b: Chi-Yu|0 fnt\n|faint|p2b: Chi-Yu\n|move|p2a: Vaporeon|Muddy Water|p1b: The Hero We Need\n|-resisted|p1b: The Hero We Need\n|-crit|p1b: The Hero We Need\n|-damage|p1b: The Hero We Need|0 fnt\n|faint|p1b: The Hero We Need\n|\n|win|Feyette\n|c|\u2606Omega_Jirachi|gg\n|c|\u2606Feyette|gg2\n||Feyette is ready for game 3.\n|inactive|Omega_Jirachi has 30 seconds to confirm battle start!\n||Omega_Jirachi is ready for game 3.\n|uhtml|next|Next: <a href=\"\/battle-gen9vgc2024regg-2194790541\"><strong>Game 3 of 3<\/strong><\/a>\n|l| Lkynmbr24\n|l| furretusedpunch\n","uploadtime":1725499218,"views":325,"formatid":"gen9vgc2024regg","rating":null,"private":0,"password":null}